<?xml version="1.0" encoding="UTF-8"?><collection xmlns="http://www.loc.gov/MARC21/slim"><record><leader>00454nam--2200169-i-4500</leader><controlfield tag="001">000020841</controlfield><controlfield tag="002">20161230</controlfield><controlfield tag="005">20170208101553</controlfield><controlfield tag="008">060222s1000------------r-----000-0-eng-d</controlfield><datafield ind1=" " ind2=" " tag="040"><subfield code="a">IFIN-HH</subfield></datafield><datafield ind1=" " ind2=" " tag="080"><subfield code="a">530.12</subfield></datafield><datafield ind1="1" ind2=" " tag="100"><subfield code="a">Fock, V</subfield></datafield><datafield ind1="1" ind2="0" tag="245"><subfield code="a">The theory of space time and gravitation</subfield><subfield code="c">V. Fock</subfield></datafield><datafield ind1=" " ind2=" " tag="260"><subfield code="a">Moscova, Physical Institute Of The Leningrad University, 1958</subfield></datafield><datafield ind1=" " ind2=" " tag="300"><subfield code="a">411 P</subfield></datafield><datafield ind1=" " ind2=" " tag="852"><subfield code="a">14861</subfield><subfield code="c">530.12</subfield></datafield><datafield ind1=" " ind2=" " tag="CAT"><subfield code="a">SYS</subfield><subfield code="c">20170208</subfield><subfield code="h">101553</subfield></datafield></record></collection>